@book{mobley2002introduction,
  title={An Introduction to Predictive Maintenance},
  author={Mobley, R. Keith},
  year={2002},
  edition={2nd},
  publisher={Butterworth-Heinemann},
  address={Boston, MA}
}

@article{susto2015machine,
  title={Machine Learning for Predictive Maintenance: A Multiple Classifier Approach},
  author={Susto, Gian Antonio and Schirru, Andrea and Pampuri, Simone and McLoone, Seamus and Beghi, Alessandro},
  journal={IEEE Transactions on Industrial Informatics},
  volume={11},
  number={3},
  pages={812--820},
  year={2015},
  publisher={IEEE}
}

@inproceedings{lundberg2017unified,
  title={A Unified Approach to Interpreting Model Predictions},
  author={Lundberg, Scott M and Lee, Su-In},
  booktitle={Advances in Neural Information Processing Systems},
  pages={4765--4774},
  year={2017}
}

@book{freeman2022pro,
  title={Pro ASP.NET Core 6: Develop Cloud-Ready Web Applications Using MVC, Blazor, and Razor Pages},
  author={Freeman, Adam},
  year={2022},
  edition={9th},
  publisher={Apress},
  address={Berkeley, CA}
}

@book{raschka2019python,
  title={Python Machine Learning: Machine Learning and Deep Learning with Python, scikit-learn, and TensorFlow 2},
  author={Raschka, Sebastian and Mirjalili, Vahid},
  year={2019},
  edition={3rd},
  publisher={Packt Publishing},
  address={Birmingham, UK}
}

@article{chen2020predictive,
  title={Predictive Maintenance in Industry 4.0: A Systematic Literature Review},
  author={Chen, Zheng and Wu, Min and Zhao, Rui and Guretno, Firdaus and Yan, Ruqiang and Li, Xuefeng},
  journal={Computers \& Industrial Engineering},
  volume={137},
  pages={106001},
  year={2020},
  publisher={Elsevier}
}

@inproceedings{ribeiro2016should,
  title={"Why Should I Trust You?": Explaining the Predictions of Any Classifier},
  author={Ribeiro, Marco Tulio and Singh, Sameer and Guestrin, Carlos},
  booktitle={Proceedings of the 22nd ACM SIGKDD International Conference on Knowledge Discovery and Data Mining},
  pages={1135--1144},
  year={2016}
}

@article{ran2019survey,
  title={A Survey of Predictive Maintenance: Systems, Purposes and Approaches},
  author={Ran, Yongyi and Zhou, Xinyu and Lin, Pengfeng and Wen, Yonggang and Deng, Ruilong},
  journal={arXiv preprint arXiv:1912.07383},
  year={2019}
}

@book{hastie2009elements,
  title={The Elements of Statistical Learning: Data Mining, Inference, and Prediction},
  author={Hastie, Trevor and Tibshirani, Robert and Friedman, Jerome},
  year={2009},
  edition={2nd},
  publisher={Springer},
  address={New York, NY}
}

@article{wang2020deep,
  title={Deep Learning for Smart Manufacturing: Methods and Applications},
  author={Wang, Jiafu and Ma, Yonglin and Zhang, Laibao and Gao, Robert X and Wu, Dazhong},
  journal={Journal of Manufacturing Systems},
  volume={48},
  pages={144--156},
  year={2018},
  publisher={Elsevier}
}

@article{lei2020machinery,
  title={Machinery Health Prognostics: A Systematic Review from Data Acquisition to RUL Prediction},
  author={Lei, Yaguo and Li, Naipeng and Guo, Liang and Li, Nilanjan and Yan, Tao and Lin, Jing},
  journal={Mechanical Systems and Signal Processing},
  volume={104},
  pages={799--834},
  year={2018},
  publisher={Elsevier}
}

@inproceedings{zhang2019predictive,
  title={Predictive Maintenance for Equipment in Manufacturing: A Systematic Literature Review},
  author={Zhang, Wei and Yang, Dazhong and Wang, Haochen},
  booktitle={2019 IEEE International Conference on Industrial Engineering and Engineering Management},
  pages={1753--1757},
  year={2019},
  organization={IEEE}
}

@article{carvalho2019systematic,
  title={A Systematic Literature Review of Machine Learning Methods Applied to Predictive Maintenance},
  author={Carvalho, Thyago P and Soares, Fabr{\'\i}zzio AAM and Vita, Roberto and Francisco, Robson da P and Basto, Jo{\~a}o P and Alcal{\'a}, Symone GS},
  journal={Computers \& Industrial Engineering},
  volume={137},
  pages={106024},
  year={2019},
  publisher={Elsevier}
}

@article{peng2010current,
  title={Current Status of Machine Prognostics in Condition-Based Maintenance: A Review},
  author={Peng, Yongzhi and Dong, Ming and Zuo, Ming J},
  journal={The International Journal of Advanced Manufacturing Technology},
  volume={50},
  number={1-4},
  pages={297--313},
  year={2010},
  publisher={Springer}
}

@book{jardine2013maintenance,
  title={Maintenance, Replacement, and Reliability: Theory and Applications},
  author={Jardine, Andrew KS and Tsang, Albert HC},
  year={2013},
  edition={2nd},
  publisher={CRC Press},
  address={Boca Raton, FL}
}

@article{zonta2020predictive,
  title={Predictive Maintenance in the Industry 4.0: A Systematic Literature Review},
  author={Zonta, Thyago and da Costa, Crist{\'o}v{\~a}o Augusto and da Rosa Righi, Rodrigo and de Lima, Marjory Jossiane and da Trindade, Eduardo Stella and Li, Guann Pyng},
  journal={Computers \& Industrial Engineering},
  volume={150},
  pages={106889},
  year={2020},
  publisher={Elsevier}
}
